@ARTICLE{mangum2008,
   author = {{Mangum}, J.~G. and {Darling}, J. and {Menten}, K.~M. and {Henkel}, C.
	},
    title = "{Formaldehyde Densitometry of Starburst Galaxies}",
  journal = {\apj},
archivePrefix = "arXiv",
   eprint = {0710.2115},
 keywords = {Galaxies: Starburst, ISM: Molecules},
     year = 2008,
    month = feb,
   volume = 673,
    pages = {832-846},
      doi = {10.1086/524354},
   adsurl = {http://cdsads.u-strasbg.fr/abs/2008ApJ...673..832M},
  adsnote = {Provided by the SAO/NASA Astrophysics Data System}
}


@ARTICLE{mangum1993,
   author = {{Mangum}, J.~G. and {Wootten}, A.},
    title = "{Formaldehyde as a probe of physical conditions in dense molecular clouds}",
  journal = {\apjs},
 keywords = {ENERGY LEVELS, H II REGIONS, INTERSTELLAR GAS, MOLECULAR CLOUDS, MOLECULAR SPECTRA, RADIATIVE TRANSFER, STAR FORMATION, VELOCITY DISTRIBUTION, MOLECULAR SPECTROSCOPY, SPACE DENSITY, SPATIAL RESOLUTION, TEMPERATURE},
     year = 1993,
    month = nov,
   volume = 89,
    pages = {123-153},
      doi = {10.1086/191841},
   adsurl = {http://cdsads.u-strasbg.fr/abs/1993ApJS...89..123M},
  adsnote = {Provided by the SAO/NASA Astrophysics Data System}
}


@ARTICLE{araya2002,
   author = {{Araya}, E. and {Hofner}, P. and {Churchwell}, E. and {Kurtz}, S.
	},
    title = "{Arecibo Observations of Formaldehyde and Radio Recombination Lines toward Ultracompact H II Regions}",
  journal = {\apjs},
 keywords = {Galaxy: Structure, ISM: H II Regions, ISM: Molecules, Radio Lines: ISM},
     year = 2002,
    month = jan,
   volume = 138,
    pages = {63-74},
      doi = {10.1086/324021},
   adsurl = {http://cdsads.u-strasbg.fr/abs/2002ApJS..138...63A},
  adsnote = {Provided by the SAO/NASA Astrophysics Data System}
}


@ARTICLE{aguirre2009,
   author = {{Aguirre}, J. and others},
    title = "{The BGPS Cloud Core Catalog}",
  journal = {\apj, in prep},
   eprint = {arXiv},
 keywords = {},
     year = 2009,
}

@ARTICLE{reid2009,
   author = {{Reid}, M.~J. and {Menten}, K.~M. and {Zheng}, X.~W. and {Brunthaler}, A. and 
	{Moscadelli}, L. and {Xu}, Y. and {Zhang}, B. and {Sato}, M. and 
	{Honma}, M. and {Hirota}, T. and {Hachisuka}, K. and {Choi}, Y.~K. and 
	{Moellenbrock}, G.~A. and {Bartkiewicz}, A.},
    title = "{Trigonometric Parallaxes of Massive Star Forming Regions: VI. Galactic Structure, Fundamental Parameters and Non-Circular Motions}",
  journal = {ArXiv e-prints},
archivePrefix = "arXiv",
   eprint = {0902.3913},
 keywords = {Astrophysics - Galaxy Astrophysics, Astrophysics - Cosmology and Extragalactic Astrophysics},
     year = 2009,
    month = feb,
   adsurl = {http://cdsads.u-strasbg.fr/abs/2009arXiv0902.3913R},
  adsnote = {Provided by the SAO/NASA Astrophysics Data System}
}

@ARTICLE{dickel1996,
     author = {{Dickel}, H.~R. and {Goss}, W.~M. and {Condon}, G.~R.},
     title = "{WSRT and VLA Observations of the 6 Centimeter and 2 Centimeter LInes of H 2CO in the Direction of W3}",
     journal = {\apj},
     keywords = {ISM: H II REGIONS, ISM: ABUNDANCES, ISM: INDIVIDUAL ALPHANUMERIC: W3, ISM: MOLECULES, RADIO LINES: ISM},
     year = 1996,
     month = apr,
     volume = 460,
     pages = {716-+},
     doi = {10.1086/177004},
     adsurl = {http://cdsads.u-strasbg.fr/abs/1996ApJ...460..716D},
     adsnote = {Provided by the SAO/NASA Astrophysics Data System}
}

@ARTICLE{dickel1986,
     author = {{Dickel}, H.~R. and {Goss}, W.~M. and {Rots}, A.~H. and {Blount}, H.~M.
     },
     title = "{VLA observations of the 6 CM and 2 CM lines of H2CO in the direction of DR 21}",
     journal = {\aap},
     keywords = {FORMALDEHYDE, MOLECULAR CLOUDS, NEBULAE, RADIO SOURCES (ASTRONOMY), ABSORPTION SPECTRA, ASTRONOMICAL MAPS, CENTIMETER WAVES, GAS DENSITY, H II REGIONS},
     year = 1986,
     month = jul,
     volume = 162,
     pages = {221-231},
     adsurl = {http://adsabs.harvard.edu/abs/1986A%26A...162..221D},
     adsnote = {Provided by the SAO/NASA Astrophysics Data System}
}

@ARTICLE{jackson2006,
     author = {{Jackson}, J.~M. and {Rathborne}, J.~M. and {Shah}, R.~Y. and 
     {Simon}, R. and {Bania}, T.~M. and {Clemens}, D.~P. and {Chambers}, E.~T. and 
     {Johnson}, A.~M. and {Dormody}, M. and {Lavoie}, R. and {Heyer}, M.~H.
     },
     title = "{The Boston University-Five College Radio Astronomy Observatory Galactic Ring Survey}",
     journal = {\apjs},
     year = 2006,
     month = mar,
     volume = 163,
     pages = {145-159},
     doi = {10.1086/500091},
     adsurl = {http://adsabs.harvard.edu/cgi-bin/nph-bib_query?bibcode=2006ApJS..163..145J&db_key=AST},
     adsnote = {Provided by the Smithsonian/NASA Astrophysics Data System}
}

@ARTICLE{araya2004,
   author = {{Araya}, E. and {Hofner}, P. and {Linz}, H. and {Sewilo}, M. and 
	{Watson}, C. and {Churchwell}, E. and {Olmi}, L. and {Kurtz}, S.
	},
    title = "{A Search for H_{2}CO 6 Centimeter Emission toward Young Massive Stellar Objects}",
  journal = {\apjs},
 keywords = {ISM: Clouds, ISM: Molecules, Radio Lines: ISM},
     year = 2004,
    month = oct,
   volume = 154,
    pages = {579-584},
      doi = {10.1086/423342},
   adsurl = {http://cdsads.u-strasbg.fr/abs/2004ApJS..154..579A},
  adsnote = {Provided by the SAO/NASA Astrophysics Data System}
}

@ARTICLE{williams2000,
   author = {{Williams}, J.~P. and {Blitz}, L. and {McKee}, C.~F.},
    title = "{The Structure and Evolution of Molecular Clouds: from Clumps to Cores to the IMF}",
  journal = {Protostars and Planets IV},
   eprint = {arXiv:astro-ph/9902246},
     year = 2000,
    month = may,
    pages = {97-+},
   adsurl = {http://cdsads.u-strasbg.fr/abs/2000prpl.conf...97W},
  adsnote = {Provided by the SAO/NASA Astrophysics Data System}
}




